
@Book{		  bronstein:12,
  title		= {Taschenbuch der Mathematik},
  publisher	= {Verlag Harri Deutsch},
  year		= {2012},
  editor	= {Bron{\v{s}}tejn, Il'ja N. and Semendjajew, Konstantin A. and Musiol, Gerhard and M{\"{u}}hlig, Heiner},
  address	= {Frankfurt am Main},
  edition	= {8},
  isbn		= {978-3-8171-2018-5 ; 978-3-8171-2008-6}
}

@Book{		  trees:68,
  author	= {H. van Trees},
  title		= {Detection, Estimation and Modulation Theory},
  publisher	= {Wiley},
  address	= {New York},
  year		= {1968}
}

@Book{		  young:95,
  author	= {Randy K. Young},
  title		= {Wavelet Theory and its Applications},
  publisher	= {Kluwer Academic publishers},
  address	= {Boston},
  year		= {1995}
}

@Manual{	  biblatex,
  author	= {Lehman, Philipp and Kime, Philip and Boruvka, Audrey and Wright, Joseph},
  title		= {The biblatex Package: Programmable Bibliographies and Citations},
  edition	= {2.7a},
  year		= {2013},
  month		= jul
}

% own
@misc{patchcore,
      title={Towards Total Recall in Industrial Anomaly Detection}, 
      author={Karsten Roth and Latha Pemula and Joaquin Zepeda and Bernhard Schölkopf and Thomas Brox and Peter Gehler},
      year={2022},
      eprint={2106.08265},
      archivePrefix={arXiv},
      primaryClass={cs.CV}
}

@misc{spade,
      title={Sub-Image Anomaly Detection with Deep Pyramid Correspondences}, 
      author={Niv Cohen and Yedid Hoshen},
      year={2021},
      eprint={2005.02357},
      archivePrefix={arXiv},
      primaryClass={cs.CV}
}

@misc{padim,
      title={PaDiM: a Patch Distribution Modeling Framework for Anomaly Detection and Localization}, 
      author={Thomas Defard and Aleksandr Setkov and Angelique Loesch and Romaric Audigier},
      year={2020},
      eprint={2011.08785},
      archivePrefix={arXiv},
      primaryClass={cs.CV}
}

@misc{resnet,
      title={Deep Residual Learning for Image Recognition}, 
      author={Kaiming He and Xiangyu Zhang and Shaoqing Ren and Jian Sun},
      year={2015},
      eprint={1512.03385},
      archivePrefix={arXiv},
      primaryClass={cs.CV}
}

@misc{wideresnet,
      title={Wide Residual Networks}, 
      author={Sergey Zagoruyko and Nikos Komodakis},
      year={2017},
      eprint={1605.07146},
      archivePrefix={arXiv},
      primaryClass={cs.CV}
}

@misc{simplenet,
      title={SimpleNet: A Simple Network for Image Anomaly Detection and Localization}, 
      author={Zhikang Liu and Yiming Zhou and Yuansheng Xu and Zilei Wang},
      year={2023},
      eprint={2303.15140},
      archivePrefix={arXiv},
      primaryClass={cs.CV}
}

@misc{efficientad,
  title={EfficientAD: Accurate Visual Anomaly Detection at Millisecond-Level Latencies},
  author       = {Kilian Batzer and Lars Heckler and Rebecca König},
  year         = {2023},
  eprint={2303.14535},
  archivePrefix={arXiv},
  primaryClass={cs.CV}
}

@misc{powerconsumptionpi,
      author = {Jeff Geerling},
      title= {Power Consumption Benchmarks | Raspberry Pi Dramble}, 
      howpublished = {\url{https://www.pidramble.com/wiki/benchmarks/power-consumption}},
      note = {Accessed: 2023-10-09}
}

@misc{wikipi,
    author = "{Wikipedia contributors}",
    title = "Raspberry Pi 4 --- {Wikipedia}{,} The Free Encyclopedia",
    year = "2023",
    howpublished = "\url{https://en.wikipedia.org/w/index.php?title=Raspberry_Pi_4&oldid=1178956001}",
    note = "[Online; accessed 9-October-2023]"
}

@misc{specspi,
  author       = {The Raspberry Pi Foundation},
  howpublished = {\url{https://www.raspberrypi.org/documentation/hardware/raspberrypi/bcm2711/rpi_DATA_2711_1p0_preliminary.pdf}},
  title        = {Specifications for the Raspberry Pi 4 Model B},
  year         = {2023},
  note         = {Accessed: 2023-10-09}
}

@misc{flopscpu,
      author = {The Weaver Computer Engineering Research Group of University of Maine},
      howpublished = {\url{https://web.eece.maine.edu/~vweaver/group/green_machines.html}},
      title = {FLOPS/Watt of Various CPUs},
      year = {2023},
      note = {Accessed: 2023-10-09}
}

@misc{flopsrtx4090,
      author       = {Maximilian Holm von PC Games Hardware},
      howpublished = {\url{https://www.pcgameshardware.de/Grafikkarten-Grafikkarte-97980/News/RTX-4090-Mit-starker-Uebertaktung-mehr-als-100-TFLOPS-Rechenleistung-erreicht-1405138/}},
      title        = {RTX 4090: Mit starker Übertaktung mehr als 100 TFLOPS Rechenleistung erreicht},
      year         = {2022},
      note         = {Accessed: 2023-10-09}     
}

